%стаття:
%@article {Pe71,
%    AUTHOR = {Petrina, D. Ya.},
%     TITLE = {Solutions of {B}ogoljubov's kinetic equations. {Q}uantum
%              statistics},
%   JOURNAL = {Teoret. Mat. Fiz.},
%  FJOURNAL = {Akademiya Nauk SSSR. Teoreticheskaya i Matematicheskaya
%              Fizika},
%    VOLUME = {13},
%      YEAR = {1972},
%    NUMBER = {3},
%     PAGES = {391--405},
%      ISSN = {0564-6162},
%   MRCLASS = {82.60},
%  MRNUMBER = {469017},
%}
%
%
%стаття в збірнику праць
%@incollection{G58,
%    AUTHOR = {Grad, H.},
%     TITLE = {Principles of the kinetic theory of gases},
% BOOKTITLE = {Handbuch der {P}hysik (herausgegeben von {S}. {F}l\"{u}gge), {B}d.  12, {T}hermodynamik der {G}ase},
%     PAGES = {205--294},
% PUBLISHER = {Springer-Verlag, Berlin-G\"{o}ttingen-Heidelberg},
%      YEAR = {1958},
%   MRCLASS = {82.00},
%  MRNUMBER = {0135535},
%MRREVIEWER = {J. Kestin},
%}
%
%@incollection{L75,
%    AUTHOR = {Lanford, III, O. E.},
%     TITLE = {Time evolution of large classical systems},
% BOOKTITLE = {Dynamical systems, theory and applications ({R}encontres, {B}attelle {R}es. {I}nst., {S}eattle, {W}ash., 1974)},
%     PAGES = {1--111. Lecture Notes in Phys., Vol. 38},
%      YEAR = {1975},
%   MRCLASS = {82.00 (28A65)},
%  MRNUMBER = {0479206},
%MRREVIEWER = {L. A. Bunimovic},
%}
%
%Тези конференції
%@conference{KoKa17,
%  author    = {Koshmanenko, V. and Karataieva, T.},
%  title     = {On Personal Strategies in Conflict Socium},
%  booktitle = {Econophysics Colloquium, Warsaw, 5-7 July 2017},
%  year      = {2017},
%  pages     = {32},
%}
%    
%книга
%@book {CGP97,
%    AUTHOR = {Cercignani, C. and Gerasimenko, V. and Petrina, D.},
%     TITLE = {Many-particle dynamics and kinetic equations},
% PUBLISHER = {Springer, (Kluwer Acad. Publ., Dordrecht, 1st ed. 1997)},
%      YEAR = {2012},
%     PAGES = {viii+244},
%      ISBN = {0-7923-4696-3},
%   MRCLASS = {82C40 (35Q99 45K05 76P05)},
%  MRNUMBER = {1472233},
%MRREVIEWER = {Reinhard Illner},
%       DOI = {10.1007/978-94-011-5558-8},
%       URL = {https://doi.org/10.1007/978-94-011-5558-8},
%}
%
%
%@book{Sp91,
%  doi = {10.1007/978-3-642-84371-6},
%  url = {https://doi.org/10.1007/978-3-642-84371-6},
%  year = {1991},
%  publisher = {Springer Berlin Heidelberg},
%  author = {H. Spohn},
%  title = {Large Scale Dynamics of Interacting Particles}
%}
%
%@book{Bog,
%  title={Проблемы динамической теории в статистической физике},
%  author={Bogolyubov, N. N.},
%  url={https://books.google.com.ua/books?id=GUE6AQAAIAAJ},
%  year={1946},
%  publisher={ОГИЗ, Гос. изд. техн.-теорет. лит-ры}
%}
%
%@book {BPS,
%    AUTHOR = {Benedikter, N. and Porta, M. and Schlein, B.},
%     TITLE = {Effective evolution equations from quantum dynamics},
%    SERIES = {SpringerBriefs in Mathematical Physics},
%    VOLUME = {7},
% PUBLISHER = {Springer, Cham},
%      YEAR = {2016},
%     PAGES = {vii+91},
%      ISBN = {978-3-319-24896-7; 978-3-319-24898-1},
%   MRCLASS = {82-01 (82C10)},
%  MRNUMBER = {3382225},
%       DOI = {10.1007/978-3-319-24898-1},
%       URL = {https://doi.org/10.1007/978-3-319-24898-1},
%}
%----------------------------------------------------------------

@article {R05,
    AUTHOR = {Rodionova,~I.~V.},
     TITLE = {Analysis connected with generating functions of exponential 
type in one and infinite dimensions},
   JOURNAL = {Meth. Func. Anal. and Topol.},
     VOLUME = {11},
      YEAR = {2005},
    NUMBER = {3},
     PAGES = {275--297},
}

@article {L03,
    AUTHOR = {Lytvynov,~E.~W.},
     TITLE = {Orthogonal decompositions for {L}\'evy processes with an 
application to the gamma, {P}ascal, and {M}eixner processes},
   JOURNAL = {Infin. Dimens. Anal. Quantum Probab. Relat. Top.},
     VOLUME = {6},
      YEAR = {2003},
    NUMBER = {1},
     PAGES = {73--102},
}

@article {NOP04,
    AUTHOR = {Di~Nunno,~G. and Oksendal,~B. and Proske,~F.},
     TITLE = {White noise analysis for {L}\'evy processes},
   JOURNAL = {J. Funct. Anal.},
     VOLUME = {206},
      YEAR = {2004},
    NUMBER = {1},
     PAGES = {109--148},
}

@book {NOP09,
    AUTHOR = {Di~Nunno,~G. and Oksendal,~B. and Proske,~F.},
     TITLE = {Malliavin {C}alculus for {L}\'evy {P}rocesses with {A}pplications to 
{F}inance},
 PUBLISHER = {Universitext. Springer-Verlag, Berlin},
      YEAR = {2009},
     PAGES = {418},
}

@incollection{M93,
    AUTHOR = {Meyer,~P.~A.},
     TITLE = {Quantum {P}robability for {P}robabilists},
     PAGES = {X+312. In: Lect. Notes in Math., Vol.~1538, Springer--Verlag, Berlin},
      YEAR = {1993},
}

@incollection{S81,
    AUTHOR = {Surgailis,~D.},
     TITLE = {On {$L^2$} and non-{$L^2$} multiple stochastic integration},
     PAGES = {212--226. In: Lect. Notes in Control and Information Sciences, Vol.~36, 
Springer-Verlag., Berlin--Heidelberg},
      YEAR = {1981},
}


@article {NS00,
    AUTHOR = {Nualart,~D. and Schoutens,~W.},
     TITLE = {Chaotic and predictable representations for {L}\'evy processes},
   JOURNAL = {Stochastic Process. Appl.},
     VOLUME = {90},
      YEAR = {2000},
    NUMBER = {1},
     PAGES = {109--122},
}

@incollection{S00,
    AUTHOR = {Schoutens,~W.},
     TITLE = {Stochastic {P}rocesses and {O}rthogonal {P}olynomials},
     PAGES = {XIII+166. In: Lect. Notes in Statist., Vol.~146. Springer--Verlag, New 
York},
      YEAR = {2000},
}

@article {BNLOP03,
    AUTHOR = {Benth,~F.~E. and Di~Nunno,~G. and Lokka,~A. and Oksendal,~B. 
and Proske,~F.},
     TITLE = {Explicit representation of the minimal variance portfolio in 
markets driven by {L}\'evy processes},
   JOURNAL = {Math. Finance},
     VOLUME = {13},
      YEAR = {2003},
    NUMBER = {1},
     PAGES = {55--72},
}

@article {K13,
    AUTHOR = {Kachanovsky,~N.~A.},
     TITLE = {On extended stochastic integrals with respect to {L}\'evy processes},
   JOURNAL = {Carpathian Mathematical Publications},
     VOLUME = {5},
      YEAR = {2013},
    NUMBER = {2},
     PAGES = {256--278},
}

@article {K13_2,
    AUTHOR = {Kachanovsky,~N.~A.},
     TITLE = {Extended stochastic integrals with respect to a {L}\'evy 
process on spaces of generalized functions},
   JOURNAL = {Mathematical Bulletin of Taras Shevchenko Scientific Society},
     VOLUME = {10},
      YEAR = {2013},
     PAGES = {169--188},
}

@article {F18,
    AUTHOR = {Frei,~M.~M.},
     TITLE = {Wick calculus on spaces of regular generalized functions of {L}\'evy 
white noise analysis},
   JOURNAL = {Carpathian Mathematical Publications},
     VOLUME = {10},
      YEAR = {2018},
    NUMBER = {1},
     PAGES = {82--104},
}

@book{BUS90,
    AUTHOR = {Березанский,~Ю.~М. and Ус,~Г.~Ф. and Шефтель,~З.~Г.},
     TITLE = {Функциональный {А}нализ. {К}урс лекций},
 PUBLISHER = {Выща школа, Киев},
     PAGES = {600},
      YEAR = {1990},
}

@book{B96,
    AUTHOR = {Bertoin,~J.},
     TITLE = {L\'evy {P}rocesses},
 PUBLISHER = {Cambridge University Press, Melbourne, New York},
     PAGES = {X+265},
      YEAR = {1996},
}

@book{HOUZ96,
    AUTHOR = {Holden,~H. and Oksendal,~B. and Uboe,~J. and Zhang,~T.-S.},
     TITLE = {Stochastic {P}artial {D}ifferential {E}quations---a {M}odeling, 
{W}hite {N}oise {F}unctional {A}pproach},
 PUBLISHER = {Birkh\"auser, Boston},
     PAGES = {XV+234},
      YEAR = {1996},
}

@book{GV61,
    AUTHOR = {Гельфанд,~И.~М. and Виленкин,~Н.~Я.},
     TITLE = {Обобщенные {Ф}ункции, {Т}ом~{IV} },
 PUBLISHER = {Государственное издательство физико-математической литературы, 
Москва},
     PAGES = {472},
      YEAR = {1961},
}

@book{GS73,
    AUTHOR = {Гихман,~И.~И. and Скороход,~А.~В.},
     TITLE = {Теория {С}лучайных {П}роцессов, {Т}ом~2},
 PUBLISHER = {Наука, Москва},
     PAGES = {664},
      YEAR = {1973},
}

@book{S75,
    AUTHOR = {Скороход,~А.~В.},
     TITLE = {Интегрирование в {Г}ильбертовом {П}ространстве},
 PUBLISHER = {Наука, Москва},
     PAGES = {231},
      YEAR = {1975},
}

@article {K07,
    AUTHOR = {Kachanovsky,~N.~A.},
     TITLE = {On an extended stochastic integral and the {W}ick calculus on the 
connected with the generalized {M}eixner measure {K}ondratiev-type spaces},
   JOURNAL = {Meth. Func. Anal. and Topol.},
     VOLUME = {13},
      YEAR = {2007},
    NUMBER = {4},
     PAGES = {338--379},
}

@article {KT09,
    AUTHOR = {Kachanovsky,~N.~A. and Tesko,~ V.~A.},
     TITLE = {Stochastic integral of {H}itsuda-{S}korokhod type on the 
extended {F}ock space},
   JOURNAL = {Ukr. Math. J.},
     VOLUME = {61},
      YEAR = {2009},
    NUMBER = {6},
     PAGES = {873--907},
}

@article {Cl70,
    AUTHOR = {Clark,~J.~M.},
     TITLE = {The representation of functionals of {B}rownian
motion by stochastic integrals},
   JOURNAL = {Ann. Math. Stat.},
     VOLUME = {41},
      YEAR = {1970},
    NUMBER = {4},
     PAGES = {1282--1295},
}

@article {Oc84,
    AUTHOR = {Ocone,~D.},
     TITLE = {Malliavin's calculus and stochastic integral:
representation of functionals of diffusion processes},
   JOURNAL = {Stochastics},
     VOLUME = {12},
      YEAR = {1984},
    NUMBER = {3-4},
     PAGES = {161--185},
}

@incollection{Lo99,
    AUTHOR = {Lokka,~A.},
     TITLE = {Martingale {R}epresentation, {C}haos {E}xpansion and {C}lark-{O}cone {F}ormulas},
 BOOKTITLE = {Research {R}eport, {C}entre for {M}athematical {P}hysics and 
{S}tochastics, {U}niversity of {A}arhus, {D}enmark, 22},
     PAGES = {1--24},
      YEAR = {1999},
}

@article {Zh09,
    AUTHOR = {Zhang,~Xi.},
     TITLE = {Clark-{O}cone formula and variational representation for {P}oisson functionals},
   JOURNAL = {An. Probab.},
     VOLUME = {37},
      YEAR = {2009},
    NUMBER = {2},
     PAGES = {506--529},
}

@article {FOS00,
    AUTHOR = {De Faria,~M. and Oliveira,~M.~J. and Streit,~L.},
     TITLE = {A generalized {C}lark-{O}cone formula},
   JOURNAL = {Random Oper. Stoch. Equ.},
     VOLUME = {8},
      YEAR = {2000},
    NUMBER = {2},
     PAGES = {163--174},
}

@article {KO91,
    AUTHOR = {Karatzas,~I. and Ocone,~D.},
     TITLE = {A generalized {C}lark representation formula, with application 
to optimal portfolios},
   JOURNAL = {Stochastics  Rep.},
     VOLUME = {34},
      YEAR = {1991},
    NUMBER = {3-4},
     PAGES = {187--220},
}

@article {AOPU00,
    AUTHOR = {Aase,~K. and Oksendal,~B. and Privault,~N. and Uboe,~J.},
     TITLE = {White noise generalizations of the {C}lark-{H}aussmann-{O}cone 
theorem with application to mathematical finance},
   JOURNAL = {Finance Stochastics},
     VOLUME = {4},
      YEAR = {2000},
    NUMBER = {4},
     PAGES = {465--496},
}

@article {PT07,
    AUTHOR = {Peccati,~G. and Taqqu,~M.~S.},
     TITLE = {Stable convergence of generalized {$L^2$} stochastic integrals 
and the principle of conditioning},
   JOURNAL = {Electron. J. Probab.},
     VOLUME = {12},
      YEAR = {2007},
    NUMBER = {15},
     PAGES = {447--480},
}

@article {ET08,
    AUTHOR = {Es-Sebaiy,~K. and Tudor,~C.~A.},
     TITLE = {L\'evy processes and {I}t\^o-{S}korokhod integrals},
   JOURNAL = {Theory Stoch. Process.},
     VOLUME = {14},
      YEAR = {2008},
    NUMBER = {2},
     PAGES = {10--18},
}

@article {Os08,
    AUTHOR = {Osswald,~H.},
     TITLE = {Malliavin calculus on extensions of abstract {W}iener spaces},
   JOURNAL = {J. Math. Kyoto Univ.},
     VOLUME = {48},
      YEAR = {2008},
    NUMBER = {2},
     PAGES = {239--263},
}

@article {MN08,
    AUTHOR = {Maas,~J. and van Neerven,~J.},
     TITLE = {A {C}lark-{O}cone formula in {UMD} {B}anach spaces},
   JOURNAL = {Electron. Commun. Probab.},
     VOLUME = {13},
      YEAR = {2008},
     PAGES = {151--164},
}

@article {AGR09,
    AUTHOR = {Anh,~V.~V. and Grecksch,~W. and Roth,~C.},
     TITLE = {$Q$-fractional {B}rownian motion in infinite dimensions with 
application to fractional {B}lack-{S}choles market},
   JOURNAL = {Stoch. Anal. Appl.},
     VOLUME = {27},
      YEAR = {2009},
    NUMBER = {1},
     PAGES = {149--175},
}

@article {KOL91,
    AUTHOR = {Karatzas,~I. and Ocone,~D. and Li,~J.},
     TITLE = {An extension of {C}lark's formula},
   JOURNAL = {Stochastics  Rep.},
     VOLUME = {37},
      YEAR = {1991},
    NUMBER = {3},
     PAGES = {127--131},
}

@article {Lo04,
    AUTHOR = {Lokka,~A.},
     TITLE = {Martingale representation of functionals of {L}\'evy processes},
   JOURNAL = {Stoch. Anal. Appl.},
     VOLUME = {22},
      YEAR = {2004},
    NUMBER = {4},
     PAGES = {867--892},
}

@article {K11c,
    AUTHOR = {Kachanovsky,~N.~A.},
     TITLE = {Clark-{O}cone type formulas in the {M}eixner white noise analysis},
   JOURNAL = {Carpathian Mathematical Publications},
     VOLUME = {3},
      YEAR = {2011},
    NUMBER = {1},
     PAGES = {56--72},
}

@article {K11_2c,
    AUTHOR = {Качановський,~М.~О.},
     TITLE = {Формули типу {К}ларка-{О}кона в майкснерівському аналізі білого шуму для 
недиференційовних за {Х}ідою випадкових величин},
   JOURNAL = {Наукові вісті НТУУ ``КПІ''},
     VOLUME = {15},
      YEAR = {2011},
    NUMBER = {4},
     PAGES = {56--60},
}

@article {K12c,
    AUTHOR = {Kachanovsky,~N.~A.},
     TITLE = {Clark-{O}cone type formulas on spaces of test and generalized functions 
of {M}eixner white noise analysis},
   JOURNAL = {Meth. Func. Anal. and Topol.},
     VOLUME = {18},
      YEAR = {2012},
    NUMBER = {2},
     PAGES = {160--175},
}

@incollection{K21,
    AUTHOR = {Качановський,~М.~О.},
     TITLE = {Про стохастичне інтегрування, диференціювання та віківське числення в аналізі білого шуму Леві},
 BOOKTITLE = {Сучасні проблеми математики та її застосувань, частина {II}: {З}бірник праць 
{І}нституту математики {НАН} {У}країни, том 18, №1},
     PAGES = {456--507},
 PUBLISHER = {Інститут математики {НАН} {У}країни},
      YEAR = {2021},
}
