
@article {Abreu-Bory-99-3-3,
    AUTHOR = {Abreu Blaya, R. and Bory Reyes, J.},
     TITLE = {Boundary value problems for quaternionic monogenic functions on non-smooth surfaces},
   JOURNAL = {Cliff. Alg.},
    VOLUME = {9},
    NUMBER = {1},
      YEAR = {1999},
     PAGES = {1--22},
}

@article {Abreu-Bory-Moreno-3-3,
    AUTHOR = {Abreu Blaya, R. and Bory Reyes, J. and Moreno-Garc\'{\i}a, T.},
     TITLE = {Minkowski Dimension and {C}auchy Transform in {C}lifford Analysis},
   JOURNAL = {Compl. anal. oper. theory},
    VOLUME = {1},
      YEAR = {2007},
     PAGES = {301--315},
}

@article {Abreu-Bory-Pena-3-3,
    AUTHOR = {Abreu Blaya, R. and Pe\~{n}a Pe\~{n}a, D. and Bory Reyes, J.},
     TITLE = {Clifford {C}auchy type integrals on {A}hlfors-{D}avid regular surfaces in
$\mathbb{R}^{m+1}$},
   JOURNAL = {Adv. Appl. Cliff. Alg.},
    VOLUME = {13},
    NUMBER = {2},
      YEAR = {2003},
     PAGES = {133--156},
}


@article {Bernstein,
    AUTHOR = {Bernstein, S.},
     TITLE = {Factorization of the nonlinear {S}chr\"{o}dinger
equation and applications},
   JOURNAL = {Complex Variables and Elliptic Equations},
    VOLUME = {51},
      YEAR = {2006},
    NUMBER = {5--6},
     PAGES = {429--452},
}

@article {Blum,
    AUTHOR = {Blum, E.K.},
     TITLE = {A theory of analytic functions in {B}anach algebras},
   JOURNAL = {Trans. Amer. Math. Soc.},
    VOLUME = {78},
      YEAR = {1955},
     PAGES = {343--370},
}


@book{Boc-Cat,
  title={The mathematics of {M}inkowski space-time and an introduction to ccmmutative hypercomplex numbers},
  author={Boccaletti, D. and Catoni, F. and Cannatay, R. and Catoniz, V. and Nichelattix, E. and Zampetti, P.},
  year={2006},
  publisher={Springer}
}

@article {Borodich,
    AUTHOR = {Borodich, F.M. and Volovikov, A.Yu.},
     TITLE = {Surface integrals for domains
with fractal boundaries and some applications to elasticity},
   JOURNAL = {Proc. Royal Soc. Ser. A.},
    VOLUME = {456},
      YEAR = {2000},
     PAGES = {1--24},
}


@book{Brakx,
    AUTHOR = {Brackx, F. and Delanghe, R. and Sommen, F.},
     TITLE = {Clifford analysis},
      YEAR = {1982},
  publisher={Research Notes in Mathematics, Boston}
}



@article {Cartan,
    AUTHOR = {Cartan, E.},
     TITLE = {Les groupes bilin\'{e}ares et les syst\`{e}mes de
nombres complexes},
   JOURNAL = {Annales de la facult\'{e} des sciences de Toulouse},
    VOLUME = {12},
      YEAR = {1898},
    NUMBER = {1},
     PAGES = {1--64},
}

@book{Cesari,
  title={Surface area},
  author={Cesari, L.},
  year={1956},
  publisher={Ann. of Math. Studies, Princeton Univ. Press, N.\,J.}
}



@article {Colombo,
    AUTHOR = {Colombo, F. and Sabadini, I. and Struppa, D.},
     TITLE = {Slice monogenic functions},
   JOURNAL = {Israel J. Math.},
    VOLUME = {171},
      YEAR = {2009},
    NUMBER = {1},
     PAGES = {385--403},
}

@book{Federer-3-3,
  title={Geometric Measure Theory},
  author={Federer, H.},
  year={1969},
  publisher={Springer-Verlag, Heidelberg, New York}
}

@article {Freshe,
    AUTHOR = {Fr\'{e}chet, M.},
     TITLE = {Sur la distance de deux surfaces},
   JOURNAL = {Ann. Soc. Polonaise Math.},
    VOLUME = {3},
      YEAR = {1924},
     PAGES = {4--19},
}


@article {Gerus-2011,
    AUTHOR = {Герус, О.Ф.},
     TITLE = {Про гіперголоморфні функції просторової змінної},
   JOURNAL = {Укр. мат. журн.},
    VOLUME = {63},
      YEAR = {2011},
    NUMBER = {4},
     PAGES = {459--465},
}

@article{Gerus-2018,
  doi = {10.1007/s10958-018-3658-7},
  url = {https://doi.org/10.1007/s10958-018-3658-7},
  year = {2018},
  month = jan,
  publisher = {Springer Science and Business Media {LLC}},
  volume = {229},
  number = {1},
  pages = {1--6},
  author = {Herus, O.F.},
  title = {On the Cauchy theorem for hyperholomorphic functions of spatial variable},
  journal = {Journal of Mathematical Sciences}
}


@article {Goncharow,
    AUTHOR = {Gon\v{c}arov, V.},
     TITLE = {Sur l'int\'{e}grale de {C}auchy dans le domaine
hypercomplexe},
   JOURNAL = {Bulletin de l'Acad\'{e}mie des Sciences de l'URSS. Classe des sciences math\'{e}matiques et na},
      YEAR = {1932},
    NUMBER = {10},
     PAGES = {1405--1424},
}

@book{Goursat,
  title={Cours d'analyse mathematique, 2},
  author={Goursat, E.},
  year={1910},
  publisher={Gauthier--Villars, Paris}
}


@article {Harrison-Norton-3-3,
    AUTHOR = {Harrison, J. and  Norton, A.},
     TITLE = {Green theorem for fractal boundaries},
   JOURNAL = {Duke Math. J.},
      YEAR = {1992},
    VOLUME = {67},
     PAGES = {575--588},
}


@book{Hil_Filips,
  title={Функциональный анализ и полугруппы},
  author={Хилле, Э. and Филлипс, Р.},
  year={1962},
  publisher={Москва: Из-во иностр. лит}
}


@article {Ketchum-28,
    AUTHOR = {Ketchum, P.W.},
     TITLE = {Analytic functions of hypercomplex variables},
   JOURNAL = {Trans. Amer. Math. Soc.},
    VOLUME = {30},
      YEAR = {1928},
     PAGES = {641--667},
}

@article {Ketchum-29,
    AUTHOR = {Ketchum, P.W.},
     TITLE = {A complete solution of {L}aplace's equation by
an infinite hypervariable},
   JOURNAL = {Amer. J. Math.},
    VOLUME = {51},
      YEAR = {1929},
     PAGES = {179--188},
}

@incollection{Kisil12,
    AUTHOR = {Kisil, V.V.},
     TITLE = {Erlangen programme at large: an overview},
 BOOKTITLE = {Advances in Applied Analysis, Trends in Mathematics},
     PAGES = {1--94},
 PUBLISHER = {Springer, Basel},
      YEAR = {2012},
  doi = {10.1007/978-3-0348-0417-1},
  url = {https://doi.org/10.1007/978-3-0348-0417-1},
}

@article{Kisil2-12,
    AUTHOR = {Kisil, V.V.},
     TITLE = {Hypercomplex representations of the {H}eisenberg group and mechanics},
   JOURNAL = {Internat. J. Theoret. Phys.},
    VOLUME = {51},
      YEAR = {2012},
    NUMBER = {3},
     PAGES = {964--984},
}


@article {Kov-Mel,
    AUTHOR = {Ковалев, В.Ф. and Мельниченко, И.П.},
     TITLE = {Бигармонические функции на
би\-гар\-мо\-ни\-чес\-кой плоскости},
   JOURNAL = {Докл. АН УССР. Сер. А},
      YEAR = {1981},
    NUMBER = {8},
     PAGES = {25--27},
}


@book{Kov-Mel-pr91,
    AUTHOR = {Ковалев, В.Ф. and Мельниченко, И.П.},
     TITLE = {Алгебры функционально-ин\-ва\-ри\-ант\-ных ре\-ше\-ний $p$-бигармонического уравнения. Препринт 91.10},
       year={1991},
  publisher={Киев: Ин-т ма\-те\-ма\-ти\-ки АН УССР}
}


@book{Krav-Shap,
  title={Integral representations for spatial models of mathematical physics},
  author={Kravchenko, V.V. and Shapiro, M.V.},
  year={1996},
  publisher={Pitman Research Notes in Mathematics, Addison Wesley Longman Inc}
}

@book{L1,
  title={Методы теории функций  комплексного переменного},
  author={Лаврентьев, М.А. and Шабат, Б.В.},
  year={1987},
  publisher={Москва: Наука}
}


@article {Lorch,
    AUTHOR = {Lorch, E.R.},
     TITLE = {The theory of analytic function in normed abelin vector rings},
   JOURNAL = {Trans. Amer. Math. Soc.},
    VOLUME = {54},
      YEAR = {1943},
     PAGES = {414--425},
}

@book{Luna-Shapiro-Struppa,
  title={Bicomplex holomorphic functions: the algebra, geometry and analysis of bicomplex numbers},
  author={Luna-Elizarrar\'{a}s, M.E. and Shapiro, M. and Struppa, D.C. and Vajiac, A.},
  year={2015},
  publisher={Birkh\"{a}user}
}

@book{Markush-v1,
  title={Теория аналитических функций},
  author={Маркушевич, А.И.},
  VOLUME = {1},
  year={1968},
  publisher={Москва: Наука}
}

@book{Mattila,
  title={Geometry of sets and measures in {E}uclidean spaces. Fractals and rectifiability},
  author={Mattila, P.},
  year={1995},
  publisher={Cambridge University Press, Cambridge}
}


@article {Mel'nichenko75,
    AUTHOR = {Мельниченко, И.П.},
     TITLE = {О представлении моногенными функциями
гармонических отображений},
   JOURNAL = {Укр. мат. журн.},
    VOLUME = {27},
      YEAR = {1975},
    NUMBER = {5},
     PAGES = {606--613},
}

@incollection{M2,
    AUTHOR = {Мельниченко, И.П.},
     TITLE = {Об одном методе описания потенциальных полей с осевой симметрией},
 BOOKTITLE = {Современные вопросы ве\-ще\-ствен\-но\-го и комплексного анализа (Ин-т
математики АН УССР, Киев)},
     PAGES = {98--102},
      YEAR = {1984},
   MRCLASS = {13E10 (31B30 35J30)},
  MRNUMBER = {0810230},
}


@article {Mel'nichenko86,
    AUTHOR = {Мельниченко, И.П.},
     TITLE = {Бигармонические базисы в алгебрах второго ранга},
   JOURNAL = {Укр. мат. журн.},
    VOLUME = {38},
      YEAR = {1986},
    NUMBER = {2},
     PAGES = {252--254},
}


@article {Mel'nichenko03,
    AUTHOR = {Мельниченко, И.П.},
     TITLE = {Алгебры функционально-инвариантных
ре\-ше\-ний трех\-мер\-но\-го уравнения Лапласа},
   JOURNAL = {Укр. мат. журн.},
    VOLUME = {55},
      YEAR = {2003},
    NUMBER = {9},
     PAGES = {1284--1290},
}

@book {Mel-Plaksa,
    AUTHOR = {Мельниченко, И.П. and Плакса, С.А.},
     TITLE = {Коммутативные алгебры и
про\-стран\-ствен\-ные потенциальные поля},
 PUBLISHER = {Ин-т мате\-ма\-ти\-ки НАН Украины, Киев},
      YEAR = {2008},
     PAGES = {230},
      ISBN = {978-966-02-4648-5},
   MRCLASS = {31B05 (30H05 35Q35)},
  MRNUMBER = {2429238},
}



@incollection{Plaksa12,
    AUTHOR = {Plaksa, S.A.},
     TITLE = {Commutative algebras associated with classic equations of mathematical physics},
 BOOKTITLE = {Advances in Applied Analysis, Trends in Mathematics},
     PAGES = {177--223},
 PUBLISHER = {Springer, Basel},
      YEAR = {2012},
  doi = {10.1007/978-3-0348-0417-5},
  url = {https://doi.org/10.1007/978-3-0348-0417-5},
}

@article{Pl-Zb-2013,
    AUTHOR = {Plaksa, S.A.},
     TITLE = {Integral theorems for monoge\-nic functions in an infinite-dimensional space with a commutative multiplication},
   JOURNAL = {Зб. праць Ін-ту матем. НАН України},
    VOLUME = {10},
      YEAR = {2013},
    number = {4--5},
     PAGES = {306--319},
}


@article{PlPu13,
  doi = {10.1007/s11253-013-0810-x},
  url = {https://doi.org/10.1007/s11253-013-0810-x},
  year = {2013},
  volume = {65},
  number = {5},
  pages = {670--680},
  author = {Плакса, С.А. and Пухтаевич, Р.П.},
  title = {Конструктивное описание моно\-ген\-ных функций в трехмерной гармонической алгебре с
одно\-мер\-ным радикалом},
  journal = {Укр. мат. журн.}
}


@article{Pukh-5,
  doi = {10.2478/auom-2014-0018},
  url = {https://doi.org/10.2478/auom-2014-0018},
  year = {2014},
  month = dec,
  publisher = {Walter de Gruyter {GmbH}},
  volume = {22},
  number = {1},
  pages = {221--235},
  author = {Plaksa, S.A. and Pukhtaievych, R.P.},
  title = {Monogenic Functions in a Finite-Dimensional Semi-Simple Commutative Algebra},
  journal = {Analele Universitatii "Ovidius"\/ Constanta -- Seria Matematica}
}


@article{Pl-Shp1,
  doi = {10.1007/s11253-011-0427-x},
  url = {https://doi.org/10.1007/s11253-011-0427-x},
  year = {2010},
  publisher = {Springer Science and Business Media {LLC}},
  volume = {62},
  number = {8},
  pages = {1078--1091},
  author = {Плакса, С.А. and Шпаковский, В.С.},
  title = {Конструктивное описание моно\-ген\-ных функций в гармонической алгебре третьего ранга},
  journal = {Укр. мат. журн.}
}


@incollection{Pl-Shp2,
    AUTHOR = {Plaksa, S.A. and Shpakivskyi, V.S.},
     TITLE = {Integral theorems in a commutative three-dimen\-si\-o\-nal harmonic algebra},
 BOOKTITLE = {Progress in analysis and its applications},
     PAGES = {232--239},
 PUBLISHER = {World Sci. Publ., Hackensack, NJ},
      YEAR = {2010},
}

@article{Pl-Shp3,
    AUTHOR = {Plaksa, S.A. and Shpakivskyi, V.S.},
     TITLE = {Integral theorems and a {C}auchy formula in a commutative three-dimensional harmonic algebra},
   JOURNAL = {Bulletin Soc. Sci. et Lettr. L\'od\'z},
    VOLUME = {60},
      YEAR = {2010},
     PAGES = {47--54},
   MRCLASS = {46G12},
  MRNUMBER = {2866518},
}

@article{Pla-Shp-Bull-2012,
    AUTHOR = {Plaksa, S.A. and Shpakivskyi, V.S.},
     TITLE = {A description of spatial potential fields by means of monogenic functions in
infinite-dimensional spaces with a commutative multiplication},
   JOURNAL = {Bulletin Soc. Sci. et Lettr. L\'od\'z},
    VOLUME = {62},
      YEAR = {2012},
    number = {2},
     PAGES = {55--65},
   MRCLASS = {30G35 (31E05 35J05)},
  MRNUMBER = {3205408},
}


@article{Pl-Shp-Al,
    AUTHOR = {Plaksa, S.A. and Shpakivskyi, V.S.},
     TITLE = {Monogenic functions in a finite-dimen\-si\-o\-nal algebra with unit and radical of maximal dimensionality},
   JOURNAL = {Journal of Algerian Mathematical Society},
    VOLUME = {1},
      YEAR = {2014},
    number = {1},
     PAGES = {1--13},
}


@article{Pla-Shp-CVEE-2014,
  doi = {10.1080/17476933.2013.845178},
  url = {https://doi.org/10.1080/17476933.2013.845178},
  year = {2013},
  month = nov,
  publisher = {Informa {UK} Limited},
  volume = {59},
  number = {1},
  pages = {110--119},
  author = {Plaksa, S.A. and Shpakivskyi, V.S.},
  title = {Cauchy theorem for a surface integral in commutative algebras},
  journal = {Complex Variables and Elliptic Equations}
}

@article{Pogor-Ramon-Shap,
  doi = {10.1002/mma.3019},
  url = {https://doi.org/10.1002/mma.3019},
  year = {2013},
  month = nov,
  publisher = {Wiley},
  volume = {37},
  number = {17},
  pages = {2799--2810},
  author = {Pogorui, A. and Rodr{\'{\i}}guez-Dagnino, R.M. and Shapiro, M.},
  title = {Solutions for {PDE}s with constant coefficients and derivability of functions ranged in commutative algebras},
  journal = {Mathematical Methods in the Applied Sciences}
}



@book{Price,
  title={An Introduction to multicomplex spaces and functions},
  author={Price, G.B.},
  year={1991},
  publisher={Marcel Dekker, New York}
}

@book{Rado,
  title={Length and area},
  author={Rad\'{o}, T.},
  year={1948},
  publisher={Amer. Math. Soc. Colloq. Publ., New York}
}


@article{Ringleb,
    AUTHOR = {Ringleb, F.},
     TITLE = {Beitr\"{a}ge zur funktionentheorie in hyperkomplexen systemen},
   JOURNAL = {Rend. Circ. Mat. Palermo},
    VOLUME = {57},
      YEAR = {1933},
     PAGES = {311--340},
}


@article {Rosculet-54,
    AUTHOR = {Ro\c{s}cule\c{t}, M.N.},
     TITLE = {O teorie a func\c{t}iilor de o
variabil\u{a} hipercomplex\u{a} \^{i}n spa\c{t}iul cu trei
dimensiuni},
   JOURNAL = {Studii \c{s}i Cercet\v{a}ri Matematice},
    VOLUME = {5},
      YEAR = {1954},
    NUMBER = {3--4},
     PAGES = {361--401},
}


@article {Rosculet-55,
    AUTHOR = {Ro\c{s}cule\c{t}, M.N.},
     TITLE = {Algebre liniare asociative \c{s}i
comutative \c{s}i finc\c{t}ii monogene ata\c{s}ate lor},
   JOURNAL = {Studii \c{s}i Cercet\v{a}ri Matematice},
    VOLUME = {6},
      YEAR = {1955},
    NUMBER = {1--2},
     PAGES = {135--173},
}

@article {Rosculet,
    AUTHOR = {Ro\c{s}cule\c{t}, M.N.},
     TITLE = {Algebre infinite associate la
ecua\c{t}ii cu derivate par\c{t}iale, omogene, cu coeficien\c{t}i
constan\c{t}i de ordin oarecare},
   JOURNAL = {Studii \c{s}i Cercet\v{a}ri Matematice},
    VOLUME = {6},
      YEAR = {1955},
    NUMBER = {3--4},
     PAGES = {567--643},
}


@article {Ryan,
    AUTHOR = {Ryan, J.},
     TITLE = {Dirac operators, conformal transformations and aspects of classical harmonic analysis},
   JOURNAL = {J. of Lie Theory},
    VOLUME = {8},
      YEAR = {1998},
     PAGES = {67--82},
}


@book{Saks,
  title={Theory of the integral, 2nd English edition},
  author={Saks, S.},
  year={1937},
  publisher={Warsaw}
}



@article {Spr,
    AUTHOR = {Spr\"{o}{\ss}ig, W.},
     TITLE = {Eigenvalue problems in the framework of {C}lifford analysis},
   JOURNAL = {Adv. Appl. Cliff. Alg.},
    number = {11},
      YEAR = {2001},
     PAGES = {301--316},
}

@article {Spros,
    AUTHOR = {Spr\"{o}{\ss}ig, W.},
     TITLE = {Quaternionic analysis and {M}axwell's equations},
   JOURNAL = {CUBO A Math. J.},
    VOLUME = {7},
    number = {2},
      YEAR = {2005},
     PAGES = {57--67},
}


@article {Sudbery,
    AUTHOR = {Sudbery, A.},
     TITLE = {Quaternionic analysis},
   JOURNAL = {Math. Proc. Camb. Phil. Soc.},
    VOLUME = {85},
      YEAR = {1979},
     PAGES = {199--225},
}





@article{Sh-co,
  doi = {10.1515/apam-2015-0022},
  url = {https://doi.org/10.1515/apam-2015-0022},
  year = {2016},
  month = jan,
  publisher = {{ISTE} {OpenScience}},
  volume = {7},
  number = {1},
  author = {Shpakivskyi, V.},
  title = {Constructive description of monogenic functions in a finite-dimensional commutative associative algebra},
  journal = {Advances in Pure and Applied Mathematics}
}




@article {Sobrero,
    AUTHOR = {Sobrero, L.},
     TITLE = {Nuovo metodo per lo studio dei problemi di
elasticit\`{a}, con applicazione al problema della piastra
forata},
   JOURNAL = {Ricerche di Ingegneria},
    VOLUME = {13},
      YEAR = {1934},
    NUMBER = {2},
     PAGES = {255--264},
}


@book{Trokhimchuk,
  title={Непрерывные отображения и условия моно\-ген\-нос\-ти},
  author={Трохимчук, Ю.Ю.},
  year={1963},
  publisher={Москва: Физматиз}
}
















%%%%%%%%%%%%%%%%%




@book{S3,
  title={Курс высшей математики, т. 3, ч.2},
  author={Смирнов, В.И.},
  year={1974},
  publisher={Москва: Наука}
}



@article{Plaksa19-JMS,
  doi = {10.1007/s10958-019-04488-3},
  url = {https://doi.org/10.1007/s10958-019-04488-3},
  year = {2019},
  month = aug,
  publisher = {Springer Science and Business Media {LLC}},
  volume = {242},
  number = {3},
  pages = {432--456},
  author = {Plaksa, S.A.},
  title = {Monogenic Functions in Commutative Algebras Associated with Classical Equations of Mathematical Physics},
  journal = {Journal of Mathematical Sciences}
}



@article {Cont_2011,
    AUTHOR = {Plaksa, S.A. and Gryshchuk, S.V. and Shpakivskyi, V.S.},
     TITLE = {Commutative algebras of monogenic functions associated with classic equations
of mathematical physic},
   JOURNAL = {Complex Analysis and Dynamical Systems IV, Contemporary Mathematics},
  FJOURNAL = {Amer. Math. Soc., Providence, RI},
    VOLUME = {553},
      YEAR = {2011},
     PAGES = {245--258},
   MRCLASS = {30G35 (31A30 35J05 46J45)},
  MRNUMBER = {2884385},
}

@article {Cont_2013,
    AUTHOR = {Plaksa, S.A. and Gryshchuk, S.V.},
     TITLE = {Basic properties of monogenic functions in a biharmonic plane},
   JOURNAL = {Complex Analysis and Dynamical Systems V, Contemporary Mathematics},
  FJOURNAL = {Amer. Math. Soc., Providence, RI},
    VOLUME = {591},
      YEAR = {2013},
     PAGES = {127--134},
   MRCLASS = {30G35 (31A30 35J05)},
  MRNUMBER = {3155682},
}




@article {Shp-PrIPPM-2018,
    AUTHOR = {Шпаківський, В.С.},
     TITLE = {Гіперкомплексний метод розв'язування
лінійних ди\-фе\-рен\-ці\-аль\-них рівнянь з частинними похідними},
   JOURNAL = {Труды ИПММ НАН Ук\-ра\-и\-ны},
    VOLUME = {32},
      YEAR = {2018},
     PAGES = {147--168},
}






@article{Pu12,
    AUTHOR = {Пухтаевич, Р.П.},
     TITLE = {Степенные ряды и ряды {Л}орана в трехмерной гармонической алгебре с одномерным радикалом},
   JOURNAL = {Зб. праць Ін-ту матем. НАН України},
    VOLUME = {9},
      YEAR = {2012},
    number = {2},
     PAGES = {311--326},
}

@article{Pukh-zb13,
    AUTHOR = {Pukhtaievych, R.P.},
     TITLE = {Monogenic functions in a three-dimensional har\-monic semi-simple algebra},
   JOURNAL = {Зб. праць Ін-ту матем. НАН України},
    VOLUME = {10},
      YEAR = {2013},
    number = {4--5},
     PAGES = {352--361},
}

@incollection{Pla-Pukh-isaac-13,
    AUTHOR = {Plaksa, S.A. and Pukhtaievych, R.P.},
     TITLE = {Monogenic functions in three-dimen\-si\-o\-nal harmonic commutative algebras},
 BOOKTITLE = {Complex analysis and potential theory with applications},
     PAGES = {147--155},
 PUBLISHER = {Cambridge Scientific Publishers},
      YEAR = {2014},
}



@book{Kov-pr86,
    AUTHOR = {Ковалев, В.Ф.},
     TITLE = {Бигармоническая задача {Ш}варца. Препринт 86.16},
       year={1991},
  publisher={Киев: Ин-т ма\-те\-ма\-ти\-ки АН УССР}
}


@article{Pl-Gr-big,
  doi = {10.1007/s11253-010-0319-5},
  url = {https://doi.org/10.1007/s11253-010-0319-5},
  year = {2009},
  volume = {61},
  number = {12},
  pages = {1587--1596},
  author = {Грищук, С.В. and Плакса, С.А.},
  title = {Моногенные функции в бигар\-мо\-ни\-чес\-кой алгебре},
  journal = {Укр. мат. журн.}
}

@article{Sh25,
    AUTHOR = {Shpakivskyi, V.S.},
     TITLE = {Monogenic functions in finite-dimensional commutative associative algebras},
   JOURNAL = {Зб. праць Ін-ту матем. НАН України},
    VOLUME = {12},
      YEAR = {2015},
    number = {3},
     PAGES = {251--268},
}

@article{Shp16,
  doi = {10.1007/s00006-015-0561-x},
  url = {https://doi.org/10.1007/s00006-015-0561-x},
  year = {2015},
  month = may,
  publisher = {Springer Science and Business Media {LLC}},
  volume = {26},
  number = {1},
  pages = {417--434},
  author = {Shpakivskyi, V.S.},
  title = {Curvilinear Integral Theorems for Monogenic Functions in Commutative Associative Algebras},
  journal = {Advances in Applied Clifford Algebras}
}

@article{Tolstoff,
    AUTHOR = {Tolstoff, G.},
     TITLE = {Sur les fonctions born\'ees v\'erifiant les conditions de {C}auchy--{R}iemann},
   JOURNAL = {Мат. сборник},
    VOLUME = {10},
      YEAR = {1942},
    number = {1--2},
     PAGES = {79--85},
}

@article{Pl-zb17,
    AUTHOR = {Plaksa, S.A.},
     TITLE = {On differentiable and monogenic functions in a harmonic algebra},
   JOURNAL = {Зб. праць Ін-ту матем. НАН України},
    VOLUME = {14},
      YEAR = {2017},
    number = {1},
     PAGES = {210--221},
}


@article{Pl-Gr-log,
    AUTHOR = {Грищук, С.В. and Плакса, С.А.},
     TITLE = {О логарифмическом вычете моно\-ген\-ных функций бигар\-мо\-нической переменной},
   JOURNAL = {Зб. праць Ін-ту матем. НАН України},
    VOLUME = {7},
      YEAR = {2010},
    number = {2},
     PAGES = {227--234},
}






@article{Shp-zb10,
    AUTHOR = {Шпаковский, В.С.},
     TITLE = {Степенные ряды и ряды Лорана в трехмерной гар\-мо\-ни\-чес\-кой алгебре},
   JOURNAL = {Зб. праць Ін-ту матем. НАН України},
    VOLUME = {7},
      YEAR = {2010},
    number = {2},
     PAGES = {314--321},
}


@article{Shpakiv-Zb-17,
    AUTHOR = {Шпаковский, В.С.},
     TITLE = {Гиперкомплексные функции и точные решения одного уравнения гидродинамики},
   JOURNAL = {Зб. праць Ін-ту матем. НАН України},
    VOLUME = {14},
      YEAR = {2017},
    number = {1},
     PAGES = {262--274},
}

@article{Shp-UMB-2018,
  doi = {10.1007/s10958-019-04291-0},
  url = {https://doi.org/10.1007/s10958-019-04291-0},
  year = {2018},
  volume = {15},
  number = {2},
  pages = {272--294},
  author = {Шпаківский, В.С.},
  title = {Про моногенні функції, визначені в різних комутативних алгебрах},
  journal = {Укр. мат. вісник}
}


@article{Shp-ProcIAMM-2018,
  year = {2018},
  volume = {11},
  number = {3},
  pages = {1--18},
  author = {Шпаківский, В.С.},
  title = {Про моногенні функції на розширеннях комутативної алгебри},
  journal = {Праці міжнар. геом. центру}
  MRCLASS = {30G35},
  MRNUMBER = {3908118},
}
