@book{G12,
    AUTHOR = {Граве,~Д.},
     TITLE = {Энциклопедія математики. Очеркъ ея современнаго положенія},
 PUBLISHER = {Кіевъ: изд. книжного магазина Н.~Я.~Оглоблина, 601 c.},
      YEAR = {1912},
     PAGES = {601},
}

@book{G081,
    AUTHOR = {Граве,~Д.~А.},
     TITLE = {Значение математики в естествознании},
 PUBLISHER = {Кіевъ: Тип. Импер. ун-та св. Владиміра, 17 c.},
      YEAR = {1908},
     PAGES = {17},
}


@book{G30,
    AUTHOR = {Ґраве,~Д.~О.},
     TITLE = {Теоретична механіка на основі техніки},
 PUBLISHER = {Харків: ХДУ, 394 c.},
      YEAR = {1930},
     PAGES = {394},
}


@book{G32,
    AUTHOR = {Граве,~Д.~А.},
     TITLE = {Теоретическая механика на основе техники},
 PUBLISHER = {М.; Л.: Госиздат тех.-теор. лит., 406 c.},
      YEAR = {1932},
     PAGES = {406},
}

@book{G321,
    AUTHOR = {Ґраве,~Д.~О.},
     TITLE = {Теоретична механіка на основі техніки},
 PUBLISHER = {2-е вид., Харків: ХДУ, 364 c.},
      YEAR = {1932},
     PAGES = {394, 2-е вид. Харків, 1932},
}

@book{Gan,
    AUTHOR = {Гантмахер,~Ф.~Р.},
     TITLE = {Лекции по аналитической механике},
 PUBLISHER = {М.: Физматлит},
      YEAR = {2005},
     PAGES = {264},
}

@book{Zhu,
    AUTHOR = {Жуковский,~Н.~Е.},
     TITLE = {О движении твердого тела, имеющего полости, наполненные однородной капельной жидкостью},
 PUBLISHER = {М.: Физматлит},
      YEAR = {2005},
     PAGES = {137},
}

@book{Kan,
    AUTHOR = {Канторович,~Л.~В. and Крылов,~В.~И.},
     TITLE = {Приближенные методы высшего анализа},
 PUBLISHER = {Л.--М.: Физматгиз},
      YEAR = {1962},
     PAGES = {708},
}

@book{Koz,
    AUTHOR = {Коздоба,~Л.~А.},
     TITLE = {Методы решения нелинейных задач теплопроводности},
 PUBLISHER = {М.: Наука},
      YEAR = {1975},
     PAGES = {227},
}

@book{Limbo,
    AUTHOR = {Лимарченко,~О.~С. and Ясинский,~В.~В.},
     TITLE = {Нелинейная динамика конструкций с жидкостью},
 PUBLISHER = {К.: НТТУ КПИ},
      YEAR = {1997},
     PAGES = {338},
}

@book{Pol,
    AUTHOR = {Полак,~Л.~С.},
     TITLE = {Вариационные принципы механики},
 PUBLISHER = {С.-П.},
      YEAR = {1959},
     PAGES = {930},
}

@article{Kon,
    AUTHOR = {Konstantinov,~A.~V. and Limarchenko,~O.~S. and Mel'nik,~V.~N. and Semenova,~I.~Yu.},
     TITLE = {Problem of the parametric oscillations of a noncylindrical tank partially filled with a fluid},
     YEAR = {2016},
      volume = {52},
     number = {6},
     PAGES = {599--604},
     journal = {Int. Appl. Mechanics},
}

@article{Lkib,
    AUTHOR = {Konstantinov,~A.~V. and Limarchenko,~V.~O. and Limarchenko,~O.~S.},
     TITLE = {Motion control for structure with liquid based on compensation of the liquid hydrodynamic response},
     YEAR = {2020},
      volume = {52},
     number = {6},
     PAGES = {58--70},
     journal = {J Automation and Information Sci},
}

@article{Limgeo,
    AUTHOR = {Limarchenko,~O.~S.},
     TITLE = {Specific features of application of perturbation techniques in problems of nonlinear oscillations of a liquid with free surface in cavities of noncylindrical shape},
     YEAR = {2007},
      volume = {59},
     number = {1},
     PAGES = {46--69},
     journal = {Ukrainian Math. J.},
}

@article{LS,
    AUTHOR = {Limarchenko,~O.~S. and Semenovich,~K.~O.},
     TITLE = {Energy redistribution between the reservoir and liquid with free surface for angular motions of the system},
     YEAR = {2017},
      volume = {222},
     number = {3},
     PAGES = {296--303},
     journal = {J. Math. Sci.},
}

@article{Ono,
    AUTHOR = {Onorato,~M. and Vozella,~L. and Proment,~D. and Lvov,~V.},
     TITLE = {Route to thermalization in the Fermi--Pasta--Ulam system},
     YEAR = {2015},
      volume = {112},
     number = {14},
     PAGES = {4208--4213},
     journal = {PNAS},
}


@article{Pal,
    AUTHOR = {Pal,~P.},
     TITLE = {Sloshing of liquid in partially filled container -- an experimental study},
     YEAR = {2009},
      volume = {1},
     number = {6},
     PAGES = {1--5},
     journal = {Int. J. Recent Trends in Engineering},
}

@article{Sha,
    AUTHOR = {Shaoa,~W. and Yanga,~J. and Hu,~Z. and Tao,~L.},
     TITLE = {Coupled analysis of nonlinear sloshing and ship motions},
     YEAR = {2015},
      volume = {47},
     PAGES = {85--97},
     journal = {Applied Ocean Research},
}
