@article{cubic,
	title        = {Представления кубических {$Z$}-колец},
	author       = {Дрозд, Ю. А.},
	year         = 1967,
	journal      = {Докл. Акад. наук СССР},
	volume       = 174,
	pages        = {16-18},
	issn         = {0002-3264},
	fjournal     = {Doklady Akademii Nauk SSSR},
	mrclass      = {13.40}
}
@article{DR,
	title        = {Коммутативные кольца с конечным числом целочисленных неразложимых представлений},
	author       = {Дрозд, Ю. А. and Ройтер, А. В.},
	year         = 1967,
	journal      = {Изв. Акад. наук СССР. Сер. мат.},
	volume       = 31,
	pages        = {783-798},
	doi          = {10.1070/IM1967v001n04ABEH000588},
	issn         = {0373-2436},
	fjournal     = {Izvestiya Akademii Nauk SSSR. Seriya Matematicheskaya},
	mrclass      = {13.40}
}
@article{DGK,
	title        = {On {C}ohen-{M}acaulay modules on surface singularities},
	author       = {Drozd, Y. A. and Greuel, G.-M. and Kashuba, I.},
	year         = 2003,
	journal      = {Moscow Math. J.},
	volume       = 3,
	number       = 2,
	pages        = {397-418, 742},
	doi          = {10.17323/1609-4514-2003-3-2-397-418},
	issn         = {1609-3321},
	mrclass      = {13C14 (14J17)},
	mrnumber     = 2025266,
	mrreviewer   = {Santiago Zarzuela Armengou}
}
@article{DG2001,
	title        = {Tame and wild projective curves and classification of vector bundles},
	author       = {Drozd, Y. A. and Greuel, G.-M.},
	year         = 2001,
	journal      = {J. Algebra},
	volume       = 246,
	number       = 1,
	pages        = {1-54},
	doi          = {10.1006/jabr.2001.8934},
	issn         = {0021-8693},
	fjournal     = {Journal of Algebra},
	mrclass      = {14H60 (16G60)}
}
@article{DG1993,
	title        = {Cohen-{M}acaulay module type},
	author       = {Drozd, Y. A. and Greuel, G.-M.},
	year         = 1993,
	journal      = {Compositio Math.},
	volume       = 89,
	number       = 3,
	pages        = {315-338},
	issn         = {0010-437X},
	url          = {http://www.numdam.org/item?id=CM_1993__89_3_315_0},
	fjournal     = {Compositio Mathematica},
	mrclass      = {14H20 (13C14 14B05 16G60)}
}
@article{BDnodal,
	title        = {Derived categories of nodal algebras},
	author       = {Burban, I. and Drozd, Y.},
	year         = 2004,
	journal      = {J. Algebra},
	volume       = 272,
	number       = 1,
	pages        = {46-94},
	doi          = {10.1016/j.jalgebra.2003.07.025},
	issn         = {0021-8693},
	fjournal     = {Journal of Algebra}
}
@article{AB,
	title        = {Автобиографические записки {Д}. {А}. {Г}раве ({П}убл. {А}. {Н}. {Б}оголюбова)},
	year         = 1993,
	journal      = {Историко-математические исследования},
	volume       = 34,
	pages        = {219-246},
	language     = {Russian}
}
@article{Zas,
	title        = {Neuer {B}eweis der {E}ndlichkeit der {K}lassenzahl bei unimodularer {\"A}qui\-valenz endlicher ganzzahliger {S}ubstitutionsgruppen},
	author       = {Zassenhaus, H.},
	year         = 1938,
	journal      = {Abh. Math. Semin. Univ. Hamb.},
	volume       = 12,
	pages        = {276-288},
	doi          = {10.1007/BF02948949},
	issn         = {0025-5858},
	fjournal     = {Abhandlungen aus dem Mathematischen Seminar der Universit{\"a}t Hamburg},
	keywords     = {20C10}
}
@article{Die,
	title        = {{\"U}ber de {A}usreduktion ganzzahliger {G}ruppendarstellungen bei arith\-metischer {\"A}quivalenz},
	author       = {Diederichsen, F.},
	year         = 1938,
	volume       = 14,
	pages        = {357-412},
	fjournal     = {Abhandlungen aus dem Mathematischen Seminar der Universit{\"a}t Hamburg},
	fjournal     = {Abh. Math. Sem. Univ. Hamburg}
}
@article{Roiter0,
	title        = {О представлениях циклической группы четвертого порядка целочисленными матрицами},
	author       = {Ройтер, А. В.},
	year         = 1960,
	journal      = {Вестн. Ленингр. унив. Мат., мех., астрон.},
	volume       = 15,
	number       = 4,
	pages        = {65-74},
	issn         = {0024-0850},
	fjournal     = {Vestnik Leningradskogo Universiteta. Matematika, Mekhanika, Astronomiya},
	keywords     = {20C10}
}
@article{BF1,
	title        = {Целочисленные представления квадратичных колец},
	author       = {Боревич, З. И. and Фаддеев, Д. К.},
	year         = 1960,
	journal      = {Вестн. Ленингр. унив. Мат., мех., астрон.},
	volume       = 15,
	number       = 4,
	pages        = {52-64},
	issn         = {0024-0850},
}
@article{F1,
	title        = {Введение в мультипликативную теорию модулей целочисленных представлений},
	author       = {Фаддеев, Д. К.},
	year         = 1965,
	journal      = {Труды Мат. инст. Стеклова},
	volume       = 80,
	pages        = {145-182},
	issn         = {0371-9685},
	fjournal     = {Akademiya Nauk SSSR. Trudy Matematicheskogo Instituta imeni V. A. Steklova},
	mrclass      = {16.40 (10.65)}
}
@article{Fcub,
	title        = {К теории кубических {$Z$}-колец},
	author       = {Фаддеев, Д. К.},
	year         = 1965,
	journal      = {Труды Мат. инст. Стеклова},
	volume       = 80,
	pages        = {183-187},
	issn         = {0371-9685},
	fjournal     = {Akademiya Nauk SSSR. Trudy Matematicheskogo Instituta imeni V. A. Steklova},
	mrclass      = {13.20}
}
@article{BFcyc,
	title        = {Представления порядков с циклическим индексом},
	author       = {Боревич, З. И. and Фаддеев, Д. К.},
	year         = 1965,
	journal      = {Труды Мат. инст. Стеклова},
	volume       = 80,
	pages        = {51-65},
	issn         = {0371-9685},
	fjournal     = {Akademiya Nauk SSSR. Trudy Matematicheskogo Instituta imeni V. A. Steklova},
	mrclass      = {16.40}
}
@article{BFhom,
	title        = {Теория гомологий в группах. {II}. Проективные резольвенты конечных групп},
	author       = {Боревич, З. И. and Фаддеев, Д. К.},
	year         = 1959,
	journal      = {Вестн. Ленингр. унив. Мат.},
	volume       = 14,
	number       = 7,
	pages        = {72-87},
	issn         = {0146-924x},
	fjournal     = {Vestnik Leningrad University. Mathematics},
	mrclass      = {18.00}
}
@article{BG0,
	title        = {Целочисленные представления конечных групп},
	author       = {Берман, С. Д. and Гудивок, П. М.},
	year         = 1962,
	journal      = {Докл. Акад. наук СССР},
	volume       = 145,
	pages        = {1199-1201},
	issn         = {0002-3264},
	fjournal     = {Doklady Akademii Nauk SSSR},
	mrclass      = {20.80}
}
@article{HR2,
	title        = {Representations of cyclic groups in rings of integers. {II}},
	author       = {Heller, A. and Reiner, I.},
	year         = 1963,
	journal      = {Ann. of Math. (2)},
	volume       = 77,
	pages        = {318-328},
	doi          = {10.2307/1970218},
	issn         = {0003-486X},
	url          = {https://doi-org.ezp-prod1.hul.harvard.edu/10.2307/1970218},
	fjournal     = {Annals of Mathematics. Second Series},
	mrclass      = {20.80}
}
@article{HR1,
	title        = {Representations of cyclic groups in rings of integers. {I}},
	author       = {Heller, A. and Reiner, I.},
	year         = 1962,
	journal      = {Ann. of Math. (2)},
	volume       = 76,
	pages        = {73-92},
	doi          = {10.2307/1970266},
	issn         = {0003-486X},
	url          = {https://doi-org.ezp-prod1.hul.harvard.edu/10.2307/1970266},
	fjournal     = {Annals of Mathematics. Second Series},
	mrclass      = {20.80}
}
@article{Jones,
	title        = {Groups with a finite number of indecomposable integral representations},
	author       = {Jones, A.},
	year         = 1963,
	journal      = {Michigan Math. J.},
	volume       = 10,
	pages        = {257-261},
	issn         = {0026-2285},
	url          = {http://projecteuclid.org.ezp-prod1.hul.harvard.edu/euclid.mmj/1028998908},
	fjournal     = {Michigan Mathematical Journal},
	mrclass      = {20.80}
}
@article{BG1,
	title        = {Неразложимые представления конечных групп над кольцами целых {$p$}-адических чисел},
	author       = {Берман, С. Д. and Гудивок, П. М.},
	year         = 1964,
	journal      = {Изв. Акад. наук СССР. Сер. мат.},
	volume       = 28,
	pages        = {875-910},
	issn         = {0373-2436},
	fjournal     = {Izvestiya Akademii Nauk SSSR. Seriya Matematicheskaya},
	mrclass      = {20.80 (16.40)},
	mrnumber     = {0166273},
	mrreviewer   = {I. Reiner}
}
@article{Bass,
	title        = {Torsion free and projective modules},
	author       = {Bass, H.},
	year         = 1962,
	journal      = {Trans. Amer. Math. Soc.},
	volume       = 102,
	pages        = {319-327},
	doi          = {10.2307/1993680},
	issn         = {0002-9947},
	url          = {https://doi-org.ezp-prod1.hul.harvard.edu/10.2307/1993680},
	fjournal     = {Transactions of the American Mathematical Society},
	mrclass      = {16.40}
}
@article{ideals,
	title        = {Идеалы коммутативных колец},
	author       = {Дрозд, Ю. А.},
	year         = 1976,
	journal      = {Мат. Сб., Нов. Сер.},
	volume       = 101,
	pages        = {334-348},
	msc2010      = {13C15 13A15 13C10}
}
@article{Jac-fin,
	title        = {Sur les ordres commutatifs avec un nombre fini de r{\'e}seaux indecom\-posables},
	author       = {Jacobinski, H.},
	year         = 1967,
	journal      = {Acta Math.},
	volume       = 118,
	pages        = {1-31},
	doi          = {10.1007/BF02392474},
	issn         = {0001-5962},
	fjournal     = {Acta Mathematica}
}
@article{qbass,
	title        = {О квазибассовых порядках},
	author       = {Дрозд, Ю. А. and Кириченко В. В.},
	year         = 1972,
	journal      = {{Изв. Акад. наук СССР. Сер. мат.}},
	volume       = 36,
	pages        = {328-370},
	issn         = {0373-2436},
	fjournal     = {Izvestiya Akademii Nauk SSSR. Seriya Matematicheskaya}
}
@article{primary,
	title        = {Примарные порядки с конечным числом неразложимых представлений},
	author       = {Дрозд, Ю. А. and Кириченко В. В.},
	year         = 1973,
	journal      = {Изв. Акад. наук СССР. Сер. мат.},
	volume       = 37,
	pages        = {715-736},
	issn         = {0373-2436},
	fjournal     = {Izvestiya Akademii Nauk SSSR. Seriya Matematicheskaya},
	mrclass      = {16A64}
}
@article{DKR,
	title        = {О наследственных и бассовых порядках},
	author       = {Дрозд, Ю. А. and Кириченко В. В. and Ройтер, А. В.},
	year         = 1967,
	journal      = {Изв. Акад. наук СССР. Сер. мат.},
	volume       = 31,
	pages        = {1415-1436},
	issn         = {0373-2436},
	fjournal     = {Izvestiya Akademii Nauk SSSR. Seriya Matematicheskaya},
	mrclass      = {13.40 (16.00)}
}
@article{Gr-Kn,
	title        = {Einfache {K}urvensingularit\"{a}ten und torsionsfreie {M}oduln},
	author       = {Greuel, G.-M. and Kn\"{o}rrer, H.},
	year         = 1985,
	journal      = {Math. Ann.},
	volume       = 270,
	number       = 3,
	pages        = {417-425},
	doi          = {10.1007/BF01473437},
	issn         = {0025-5831},
	url          = {https://doi-org.ezp-prod1.hul.harvard.edu/10.1007/BF01473437},
	fjournal     = {Mathematische Annalen},
	mrclass      = {14H20 (13H10)}
}
@article{Arn-critical,
	title        = {Критические точки гладких функций и их норамльные формы},
	author       = {Арнольд, В. И.},
	year         = 1975,
	journal      = {Успехи мат. наук},
	volume       = 30,
	number       = {5(185)},
	pages        = {3-65},
	issn         = {0042-1316},
	mrclass      = {58C25 (32C40 57D70)}
}
@article{canada,
	title        = {Reduction algorithm and representations of boxes and algebras},
	author       = {Drozd, Y. A.},
	year         = 2001,
	journal      = {C. R. Math. Acad. Sci., Soc. R. Can.},
	volume       = 23,
	number       = 4,
	pages        = {97-125},
	issn         = {0706-1994},
	fjournal     = {Comptes Rendus Math{\'e}matiques de l'Acad{\'e}mie des Sciences},
	keywords     = {16G10,16G60,15A21}
}
@article{Diet,
	title        = {Lattices over curve singularities with large conductor},
	author       = {Dieterich, E.},
	year         = 1993,
	journal      = {Invent. Math.},
	volume       = 114,
	number       = 2,
	pages        = {399-433},
	doi          = {10.1007/BF01232675},
	issn         = {0020-9910},
	fjournal     = {Inventiones Mathematicae},
	mrclass      = {14H20 (16H05)}
}
@article{T44-1,
	title        = {On {C}ohen-{M}acaulay modules over the plane curve singularity of type {$T_{44}$}},
	author       = {Drozd, Y.  A. and Tovpyha, O. V.},
	year         = 2017,
	journal      = {Arch. Math. (Basel)},
	volume       = 108,
	number       = 6,
	pages        = {569-579},
	doi          = {10.1007/s00013-017-1034-3},
	issn         = {0003-889X},
	fjournal     = {Archiv der Mathematik},
	mrclass      = {13C14 (13H10 14H20)}
}
@article{T44-2,
	title        = {Cohen-{M}acaulay modules over the plane curve singularity of type {$T_{44}$}, {II}},
	author       = {Drozd, Y. A. and Tovpyha, O. V.},
	year         = 2019,
	journal      = {Algebra Discrete Math.},
	volume       = 28,
	number       = 1,
	pages        = {75-93},
	issn         = {1726-3255},
	fjournal     = {Algebra and Discrete Mathematics},
	mrclass      = {14H20 (13C14)},
	mrnumber     = 4037220
}
@article{Kahn,
	title        = {Reflexive modules on minimally elliptic singularities},
	author       = {Kahn, C. P.},
	year         = 1989,
	journal      = {Math. Ann.},
	volume       = 285,
	number       = 1,
	pages        = {141-160},
	doi          = {10.1007/BF01442678},
	issn         = {0025-5831},
	fjournal     = {Mathematische Annalen},
	mrclass      = {14E15 (32B30 32C45)}
}
@article{Aus-quot,
	title        = {Rational singularities and almost split sequences},
	author       = {Auslander, M.},
	year         = 1986,
	journal      = {Trans. Amer. Math. Soc.},
	volume       = 293,
	number       = 2,
	pages        = {511-531},
	doi          = {10.2307/2000019},
	issn         = {0002-9947},
	fjournal     = {Transactions of the American Mathematical Society},
	mrclass      = {16A64 (14B05)}
}
@article{Esnault,
	title        = {Reflexive modules on quotient surface singularities},
	author       = {Esnault, H.},
	year         = 1985,
	journal      = {J. Reine Angew. Math.},
	volume       = 362,
	pages        = {63-71},
	doi          = {10.1515/crll.1985.362.63},
	issn         = {0075-4102},
	mrclass      = {14J17 (14B05 32B30)}
}
@article{Atiyah,
	title        = {Vector bundles over an elliptic curve},
	author       = {Atiyah, M. F.},
	year         = 1957,
	journal      = {Proc. London Math. Soc. (3)},
	volume       = 7,
	pages        = {414-452},
	doi          = {10.1112/plms/s3-7.1.414},
	issn         = {0024-6115},
	mrclass      = {14.55 (14.20)}
}
@article{Lau-min,
	title        = {On minimally elliptic singularities},
	author       = {Laufer, H. B.},
	year         = 1977,
	journal      = {Amer. J. Math.},
	volume       = 99,
	number       = 6,
	pages        = {1257-1295},
	doi          = {10.2307/2374025},
	issn         = {0002-9327},
	mrclass      = {14B05 (32C40)}
}
@article{Beilinson,
	title        = {Когерентные пучки на {$\mathbf{P}^{n}$} и проблемы линейной алгебры},
	author       = {Бейлинсон, А. А.},
	year         = 1978,
	journal      = {Функц. анализ и его прил.},
	volume       = 12,
	number       = 3,
	pages        = {68-69},
	issn         = {0374-1990},
	mrclass      = {14F05 (18E30 81C99)}
}
@article{BDder,
	title        = {Coherent sheaves on rational curves with simple double points and transversal intersections},
	author       = {Burban, I. and Drozd, Y.},
	year         = 2004,
	journal      = {Duke Math. J.},
	volume       = 121,
	number       = 2,
	pages        = {189-229},
	doi          = {10.1215/S0012-7094-04-12121-9},
	issn         = {0012-7094},
	mrclass      = {14F05 (16G20 18E30)}
}
@misc{Bond,
	title        = {Связки полуцепных множеств и их представления},
	author       = {Бондаренко, В. М.},
	year         = 1988,
	howpublished = {Инст. мат. Акад. наук Укр. ССР, Киев. Препринт № 60},
	msc2010      = {08Axx 05}
}
@article{NR,
	title        = {Об одной проблеме И. М. Гельфанда},
	author       = {Назарова, Л. А. and Ройтер, А. В.},
	year         = 1973,
	journal      = {Функц. анализ и его прил.},
	volume       = 7,
	number       = 4,
	pages        = {54-69},
	issn         = {0374-1990},
	fjournal     = {Akademija Nauk SSSR. Funkcional\cprime nyi Analiz i ego Prilo\v{z}enija},
	mrclass      = {15A30}
}
@article{BDG,
	title        = {Minors and resolutions of non-commutative schemes},
	author       = {Burban, I. and Drozd, Y. and Gavran, V.},
	year         = 2017,
	journal      = {Eur. J. Math.},
	volume       = 3,
	number       = 2,
	pages        = {311-341},
	doi          = {10.1007/s40879-017-0128-6},
	issn         = {2199-675X},
	fjournal     = {European Journal of Mathematics},
	keywords     = {14F05,14A22}
}
@article{pure,
	title        = {Конечные модули над чисто нетеровыми алгебрами},
	author       = {Дрозд, Ю. А.},
	year         = 1990,
	journal      = {Труды Мат. инст. Стеклова},
	volume       = 183,
	pages        = {97-108},
	issn         = {0081-5438},
	fjournal     = {Proceedings of the Steklov Institute of Mathematics},
	keywords     = {16G30,16G60,16P40,16E60,16P70}
}
@article{DVol1,
	title        = {Vector bundles over noncommutative nodal curves},
	author       = {Drozd, Y. A. and Voloshyn, D. E.},
	year         = 2012,
	journal      = {Укр. мат. журн.},
	volume       = 64,
	number       = 2,
	pages        = {185-199},
	doi          = {10.1007/s11253-012-0639-8},
	issn         = {0041-5995},
	fjournal     = {Ukrainian Mathematical Journal},
	keywords     = {14A22,14H60}
}
@article{DVol2,
	title        = {Похідні категорії вузлових кривих},
	author       = {Волошин, Д. Є. and Дрозд, Ю. А.},
	year         = 2013,
	journal      = {Укр. мат. журн.},
	volume       = 64,
	number       = 8,
	pages        = {1033-1040},
	doi          = {10.1007/s11253-013-0708-7},
	issn         = {0041-5995},
	fjournal     = {Ukrainian Mathematical Journal},
	keywords     = {14F05}
}
@article{LP,
    AUTHOR = {Lekili, Yank\i  and Polishchuk, Alexander},
     TITLE = {Auslander orders over nodal stacky curves and partially  wrapped {F}ukaya categories},
   JOURNAL = {J. Topol.},
  FJOURNAL = {Journal of Topology},
    VOLUME = {11},
      YEAR = {2018},
    NUMBER = {3},
     PAGES = {615-644},
      ISSN = {1753-8416},
   MRCLASS = {14J33 (14F05 53D37)},
  MRNUMBER = {3830878},
MRREVIEWER = {Victor Przyjalkowski},
       DOI = {10.1112/topo.12064},
       URL = {https://doi.org/10.1112/topo.12064},
}

@article{Roiter-Br,
	title        = {Неограниченность размерностей неразложимых представлений алгебры, имеющей бесконечно много неразложимых представлений},
	author       = {Ройтер, А. В.},
	year         = 1968,
	journal      = {Изв. Акад. наук СССР. Сер. мат.},
	volume       = 32,
	pages        = {1275-1282},
	issn         = {0373-2436},
	fjournal     = {Izvestiya Akademii Nauk SSSR. Seriya Matematicheskaya},
	mrclass      = {16.40}
}
@article{quiver,
    AUTHOR = {Gabriel, Peter},
     TITLE = {Unzerlegbare {D}arstellungen. {I}},
   JOURNAL = {Manuscripta Math.},
  FJOURNAL = {Manuscripta Mathematica},
    VOLUME = {6},
      YEAR = {1972},
     PAGES = {71-103; correction, ibid. 6 (1972), 309},
      ISSN = {0025-2611},
   MRCLASS = {16A64},
  MRNUMBER = {332887},
MRREVIEWER = {K. W. Roggenkamp},
       DOI = {10.1007/BF01298413},
       URL = {https://doi.org/10.1007/BF01298413},
}

@article{posets,
	title        = {Представления частично упорядоченных множеств},
	author       = {Назарова, Л. А. and Ройтер, А. В.},
	year         = 1972,
	journal      = {Зап. научн. сем. ЛОМИ},
	volume       = 28,
	pages        = {5-31},
	fjournal     = {Zapiski Nau\v{c}nyh Seminarov Leningradskogo Otdelenija Matemati\v{c}eskogo Instituta im. V. A. Steklova Akademii Nauk SSSR (LOMI)},
	mrclass      = {06A10 (16A64)}
}
@incollection{tw0,
	title        = {Ручные и дикие матричные задачи},
	author       = {Дрозд, Ю. А.},
	year         = 1979,
	booktitle    = {Представления и квадратичные формы},
	publisher    = {Инст. мат. Акад. наук Укр. ССР, Киев},
	pages        = {39-74},
	mrclass      = {16A64 (15A21)}
}
