@article {b1,
    AUTHOR = {Kolmogoroff [A.N. Kolmogorov]},
     TITLE = {\"{U}ber die analytischen {M}ethoden in der {W}ahrscheinlichkeitsrechnung},
   JOURNAL = {Math. Ann.},
  FJOURNAL = {},
    VOLUME = {104},
      YEAR = {1930/31},
    NUMBER = {},
     PAGES = {415--458},
      ISSN = {},
   MRCLASS = {},
  MRNUMBER = {},
}
@article {b2,
    AUTHOR = {N. Wiener},
     TITLE = {Differential space},
   JOURNAL = {J. Math. and Phys.},
  FJOURNAL = {},
    VOLUME = {2},
      YEAR = {1922/23},
    NUMBER = {},
     PAGES = {131--174},
      ISSN = {2},
   MRCLASS = {},
  MRNUMBER = {},
}
@article {b3,
    AUTHOR = {W. Feller},
     TITLE = {Zur {T}heorie der stochastischen {P}rocesse ({E}xistenz und {E}indeutigkeitss\"{a}tze)},
   JOURNAL = {Math. Ann.},
  FJOURNAL = {},
    VOLUME = {113},
      YEAR = {1936/37},
    NUMBER = {},
     PAGES = {113--160},
      ISSN = {},
   MRCLASS = {},
  MRNUMBER = {},
}
@article {b4,
    AUTHOR = {S. Bernstein},
     TITLE = {Principles de la th\'{e}orie des \'{e}quations diff\'{e}rentielles stochastiques},
   JOURNAL = {Trudy Fiz. - Mat. Inst. Steklov.},
  FJOURNAL = {},
    VOLUME = {5},
      YEAR = {1934},
    NUMBER = {},
     PAGES = {94--124},
      ISSN = {},
   MRCLASS = {},
  MRNUMBER = {},
}
@article {b5,
    AUTHOR = {М. М. Крилов і М. М. Боголюбов},
     TITLE = {Про рівняння {Ф}оккера-{П}ланка, що виводиться в теорії пертурбацій методом, заснованим на спекральних властивостях пертурбаційного гамільтоніана},
   JOURNAL = {Записки кафедри математичної фізики},
  FJOURNAL = {Академія наук УРСР, Інститут будівельної Механіки},
    VOLUME = {4},
      YEAR = {1939},
    NUMBER = {},
     PAGES = {5--80},
      ISSN = {},
   MRCLASS = {},
  MRNUMBER = {},
}
@article {b6,
    AUTHOR = {И. И. Гихман},
     TITLE = {Об одной схеме образования случайных процессов},
   JOURNAL = {Докл. АН СССР},
  FJOURNAL = {},
    VOLUME = {LVIII},
      YEAR = {1947},
    NUMBER = {6},
     PAGES = {961--964},
      ISSN = {},
   MRCLASS = {},
  MRNUMBER = {},
}
@article {b7,
    AUTHOR = {И. И. Гихман},
     TITLE = {О некоторых дифференциальных уравнениях со случайными процессами},
   JOURNAL = {Укр. матем. журн.},
  FJOURNAL = {},
    VOLUME = {2},
      YEAR = {1950},
    NUMBER = {},
     PAGES = {45--69},
      ISSN = {},
   MRCLASS = {},
  MRNUMBER = {},
}
@article {b8,
    AUTHOR = {И. И. Гихман},
     TITLE = {К теории дифференциальных уравнений случайных процессов},
   JOURNAL = {Укр. матем. журн.},
  FJOURNAL = {},
    VOLUME = {},
      YEAR = {1950(1951)},
    NUMBER = {2(3)},
     PAGES = {37--63(317--339)},
      ISSN = {},
   MRCLASS = {},
  MRNUMBER = {},
}
@book{b9,
	author = {А. В. Скороход},
	title = {Исследования по теории случайных процессов},
	YEAR = {1961},
	publisher = {Киев, Изд-во Киевск. ун-та},
	city = {},
}
@article {b10,
    AUTHOR = {А. К. Звонкин и Н. В. Крылов},
     TITLE = {О сильных решениях стохастических дифференциальных уравнений},
   JOURNAL = {Труды школы-семинара по теории случайных процессов (Друскининкай, 1974)},
  FJOURNAL = {Ин-т физ. и матем. Академии наук Литовской ССР, Вильнюс},
    VOLUME = {II},
      YEAR = {1975},
    NUMBER = {},
     PAGES = {9--88},
      ISSN = {},
   MRCLASS = {},
  MRNUMBER = {},
}
@Book{b11,
	author = {И. И. Гихман и А. В. Скороход},
	title = {Стохастические дифференциальные уравнения},
	publisher = {Киев, Наукова думка},
	year = {1968},
}

@book {b12,
    AUTHOR = {И. И. Гихман и А. В. Скороход},
     TITLE = {Введение в теорию случайных процессов},
   publisher = {Москва, Наука},
      YEAR = {1965},
}
@book {b13, 
    AUTHOR = {J. L. Doob},
     TITLE = {Stochastic processes},
   publisher = {New York, John Wiley and sons, London, Chapman and Hall},
      YEAR = {1953},
}
@article {b14,
    AUTHOR = {А. В. Скороход},
     TITLE = {Об одном обобщении стохастического интеграла},
   JOURNAL = {Теория вероятн. и её примен.},
  FJOURNAL = {},
    VOLUME = {20},
      YEAR = {1975},
    NUMBER = {2},
     PAGES = {223--238},
      ISSN = {},
   MRCLASS = {},
  MRNUMBER = {},
}
@InCollection{b15,
	author = {А. А. Дороговцев},
	title = {The evolution of the {S}korokhod integral},
	booktitle = {Anatoliy V. Skorokhod, Selected Works},
	publisher = {Springer Verlag},
	year = {2016},
	pages = {321--328}
}
@Book{b16,
	author = {Ю. Л. Далецкий и Я. И. Белопольская},
	title = {Стохастические уравнения и дифференциальная геометрия},
	publisher = {Київ, Вища школа},
	year = {1989},
}
@Book{b17,
	author = {Н. И. Портенко},
	title = {Обобщённые диффузионные процессы},
	publisher = {Київ, Наукова думка},
	year = {1982},
}
@article {b18,
    AUTHOR = {С. Я. Махно и И. Г. Крыкун},
     TITLE = {Явление {П}еано для уравнений {И}то},
   JOURNAL = {Український математичний вісник},
  FJOURNAL = {},
    VOLUME = {10},
      YEAR = {2013},
    NUMBER = {1},
     PAGES = {87--109},
      ISSN = {},
   MRCLASS = {},
  MRNUMBER = {},
}
@article {b19,
    AUTHOR = {A. Pilipenko and F. N. Proske},
     TITLE = {On perturbation of an {ODE} with non-{L}ipschitz coefficients by a small self similar noise},
   JOURNAL = {Statistics and Probability Letters},
  FJOURNAL = {},
    VOLUME = {132},
      YEAR = {2018},
    NUMBER = {},
     PAGES = {62--73},
      ISSN = {},
   MRCLASS = {},
  MRNUMBER = {},
}
@article {b20,
    AUTHOR = {A. Kulik and I. Pavlyukevich},
     TITLE = {Limit theorem for non-linear {L}angevin equations driven by {L}\'{e}vy noise},
   JOURNAL = {Annales de l'Institut Henri Poincar\'{e}},
  FJOURNAL = {},
    VOLUME = {55},
      YEAR = {2019},
    NUMBER = {3},
     PAGES = {1278--1315},
      ISSN = {},
   MRCLASS = {},
  MRNUMBER = {},
}
@article {b21,
    AUTHOR = {Г. Л. Кулініч},
     TITLE = {Предельные теоремы для одномерных стохастических дифференциальных уравнений с нерегулярной зависимостью коеффициентов от параметра},
   JOURNAL = {Теория вероятностей и матем. статистика},
  FJOURNAL = {},
    VOLUME = {15},
      YEAR = {1976},
    NUMBER = {},
     PAGES = {99--114},
      ISSN = {},
   MRCLASS = {},
  MRNUMBER = {},
}






